<record><leader>00000cas a2200000 a 4500</leader><controlfield tag="001">28146054</controlfield><controlfield tag="008">930521d18991948caudn ne      0    0eng c</controlfield><datafield ind1=" " ind2=" " tag="010"><subfield code="a">sn 93053267 </subfield></datafield><datafield ind1=" " ind2=" " tag="040"><subfield code="a">CNK</subfield><subfield code="b">eng</subfield><subfield code="c">CNK</subfield><subfield code="d">OCLCQ</subfield><subfield code="d">CNK</subfield><subfield code="d">OCLCQ</subfield><subfield code="d">OCLCF</subfield><subfield code="d">OCLCO</subfield></datafield><datafield ind1="1" ind2=" " tag="029"><subfield code="a">AU@</subfield><subfield code="b">000025905315</subfield></datafield><datafield ind1=" " ind2=" " tag="042"><subfield code="a">pcc</subfield></datafield><datafield ind1=" " ind2=" " tag="043"><subfield code="a">n-us-ca</subfield></datafield><datafield ind1="0" ind2=" " tag="130"><subfield code="a">Santa Rosa Republican (Santa Rosa, Calif. : 1899)</subfield></datafield><datafield ind1="1" ind2="0" tag="245"><subfield code="a">Santa Rosa Republican.</subfield></datafield><datafield ind1="3" ind2="0" tag="246"><subfield code="a">Democrat-Republican</subfield></datafield><datafield ind1=" " ind2=" " tag="260"><subfield code="a">Santa Rosa, Calif. :</subfield><subfield code="b">Allen B. Lemmon</subfield></datafield><datafield ind1=" " ind2=" " tag="300"><subfield code="a">v.</subfield></datafield><datafield ind1=" " ind2=" " tag="310"><subfield code="a">Daily (except Sun. &amp; Mon.)</subfield></datafield><datafield ind1="0" ind2=" " tag="362"><subfield code="a">Vol. 19, no. 120 (May 22, 1899)-v. 49, no. 295 (Dec. 17, 1928) ; 64th year, no. 296 (Dec. 18, 1928)-84th year, no. 78 (Apr. 24, 1948).</subfield></datafield><datafield ind1=" " ind2=" " tag="500"><subfield code="a">Published as: Democrat-Republican, Apr. 20-May 2, 1906.</subfield></datafield><datafield ind1=" " ind2=" " tag="515"><subfield code="a">Issues for: Jan. 3-Dec. 17, 1928 called "vol. XLXIX," but constitute v. 49.</subfield></datafield><datafield ind1=" " ind2=" " tag="530"><subfield code="a">Master negatives are available for duplication from:</subfield><subfield code="b">California Newspaper Microfilm Archive;</subfield><subfield code="c">positive copies may be purchased by the reel; for further information consult the CNMA at:</subfield><subfield code="u">http://cbsr.ucr.edu</subfield></datafield><datafield ind1=" " ind2="0" tag="651"><subfield code="a">Santa Rosa (Calif.)</subfield><subfield code="v">Newspapers.</subfield></datafield><datafield ind1=" " ind2="7" tag="655"><subfield code="a">Newspapers.</subfield><subfield code="2">fast</subfield><subfield code="0">(OCoLC)fst01423814</subfield></datafield><datafield ind1=" " ind2="7" tag="651"><subfield code="a">California</subfield><subfield code="z">Santa Rosa.</subfield><subfield code="2">fast</subfield><subfield code="0">(OCoLC)fst01214309</subfield></datafield><datafield ind1=" " ind2=" " tag="752"><subfield code="a">United States</subfield><subfield code="b">California</subfield><subfield code="c">Sonoma</subfield><subfield code="d">Santa Rosa.</subfield></datafield><datafield ind1="0" ind2=" " tag="775"><subfield code="t">Santa Rosa Republican (Santa Rosa, Calif. : 1880)</subfield><subfield code="w">(DLC)sn 86064456</subfield></datafield><datafield ind1="0" ind2="0" tag="780"><subfield code="t">Daily Republican (Santa Rosa, Calif.)</subfield><subfield code="w">(DLC)sn 86064455</subfield></datafield><datafield ind1="0" ind2="0" tag="785"><subfield code="t">Evening press and Santa Rosa Republican</subfield><subfield code="w">(DLC)sn 95062679</subfield></datafield></record>